@techreport{rfc_smtp,
   AUTHOR = "Jonathan B. Postel",
   TITLE = "{Simple Mail Transfer Protocol}",
   HOWPUBLISHED = {Internet Requests for Comments},
   TYPE="{RFC}",
   NUMBER=821,
   YEAR = {1982},
   MONTH = {agosto},
   PUBLISHER = "{Information Sciences Institute}",
   INSTITUTION = "{University of Southern California}",
   URL={https://tools.ietf.org/html/rfc821}
   }

   @techreport{rfc_pop,
   AUTHOR = "J. K. Reynolds",
   TITLE = "{Post Office Protocol}",
   HOWPUBLISHED = {Internet Requests for Comments},
   TYPE="{RFC}",
   NUMBER=918,
   YEAR = {1984},
   MONTH = {octubre},
   PUBLISHER = "{Information Sciences Institute}",
   INSTITUTION = "{Network Working Group}",
   URL={https://tools.ietf.org/html/rfc918}
   }